@ARTICLE{cython:2011, 
author={S. Behnel and R. Bradshaw and C. Citro and L. Dalcin and D. S. Seljebotn and K. Smith},
journal={Computing in Science Engineering},
title={Cython: The Best of Both Worlds},
year={2011},
volume={13},
number={2},
pages={31-39},
keywords={C language;numerical analysis;Python language extension;Fortran code;numerical loops;Cython language;programming language;Sparse matrices;Runtime;Syntactics;Computer programs;Programming;Python;Cython;numerics;scientific computing},
doi={10.1109/MCSE.2010.118},
ISSN={1521-9615},
month={March},}
