@article{f2py:2009, 
 title={F2PY: a tool for connecting Fortran and Python programs},
 author={Peterson, Pearu},
 journal={International Journal of Computational Science and Engineering},
 volume={4},
 number={4},
 pages={296--305},
 year={2009},
 publisher={Inderscience Publishers}}
