@article{gala:2017,
  doi = {10.21105/joss.00388},
  url = {https://doi.org/10.21105%2Fjoss.00388},
  year = 2017,
  month = {oct},
  publisher = {The Open Journal},
  volume = {2},
  number = {18},
  author = {Adrian M. Price-Whelan},
  title = {Gala: A Python package for galactic dynamics},
  journal = {The Journal of Open Source Software}
}
