@ARTICLE{matplotlib:2007,
       author = {{Hunter}, John D.},
        title = "{Matplotlib: A 2D Graphics Environment}",
      journal = {Computing in Science and Engineering},
     keywords = {Python, Scripting languages, Application development, Scientific
        programming},
         year = 2007,
        month = May,
       volume = {9},
        pages = {90-95},
          doi = {10.1109/MCSE.2007.55},
       adsurl = {https://ui.adsabs.harvard.edu/#abs/2007CSE.....9...90H},
      adsnote = {Provided by the SAO/NASA Astrophysics Data System}
}
