@ARTICLE{numpy:2011,
       author = {{Van Der Walt}, Stefan and {Colbert}, S. Chris and {Varoquaux}, Ga{\"e}l},
        title = "{The NumPy array: a structure for efficient numerical computation}",
      journal = {{Computing in Science \& Engineering}},
     Doi = {10.1109/MCSE.2011.37},
         year = 2011,
        month = Mar,
	Volume = 13,
	Issue = 2,
	Pages = {22-30},
          eid = {arXiv:1102.1523},
archivePrefix = {arXiv},
       Primaryclass = {cs.MS},
       eprint = {1102.1523},
       adsurl = {https://ui.adsabs.harvard.edu/#abs/2011arXiv1102.1523V},
       Arxivurl = {http://arxiv.org/abs/1102.1523}
}
