@InProceedings{pandas:2010,
 author    = { Wes McKinney },
 title     = { Data Structures for Statistical Computing in Python },
 booktitle = { Proceedings of the 9th Python in Science Conference },
 pages     = { 51 - 56 },
 year      = { 2010 },
 editor    = { St\'efan van der Walt and Jarrod Millman }}
