@article{schwimmbad:2017,
  doi = {10.21105/joss.00357},
  url = {https://doi.org/10.21105/joss.00357},
  year  = {2017},
  month = {sep},
  publisher = {The Open Journal},
  volume = {2},
  number = {17},
  author = {Adrian M. Price-Whelan and Daniel Foreman-Mackey},
  title = {schwimmbad: A uniform interface to parallel processing pools in Python},
  journal = {The Journal of Open Source Software}
}
