@misc{seaborn:2018,
  author = {{Waskom} M. and  {Botvinnik} O. and  {O'Kane} D. and  {Hobson} P. and  {Ostblom} J. and  {Lukauskas} S. and  {Gemperline} D.~C. and  {Augspurger} T. and  {Halchenko} Y. and  {Cole} J.~B. and  {Warmenhoven} J. and  {de Ruiter} J. and  {Pye} C. and  {Hoyer} S. and  {Vanderplas} J. and  {Villalba} S. and  {Kunter} G. and  {Quintero} E. and  {Bachant} P. and  {Martin} M. and  {Meyer} K. and  {Miles} A. and  {Ram} Y. and  {Brunner} T. and  {Yarkoni} T. and  {Williams} M. and  {Evans} C. and  {Fitzgerald} C. and  {Brian} B. and  {Qalieh} A.},
  year = 2018,
  title = "Seaborn v0.9.0",
  doi = {10.5281/zenodo.1313201},
  url = {https://doi.org/10.5281/zenodo.1313201}
}
