@article{meier2011,
    author = {author},
    title = {title},
    journal = {journal},
    year = {2011},
}